<record><leader>00000cas a22000007a 4500</leader><controlfield tag="001">26750033</controlfield><controlfield tag="008">921008d19581992ctuwr ne      0    0eng d</controlfield><datafield ind1=" " ind2=" " tag="010"><subfield code="a">sn 92051406 </subfield></datafield><datafield ind1=" " ind2=" " tag="040"><subfield code="a">CNW</subfield><subfield code="b">eng</subfield><subfield code="c">CNW</subfield><subfield code="d">OCLCQ</subfield><subfield code="d">OCLCF</subfield><subfield code="d">OCLCO</subfield></datafield><datafield ind1="1" ind2=" " tag="029"><subfield code="a">AU@</subfield><subfield code="b">000020741003</subfield></datafield><datafield ind1=" " ind2=" " tag="042"><subfield code="a">msc</subfield></datafield><datafield ind1=" " ind2=" " tag="043"><subfield code="a">n-us-ct</subfield></datafield><datafield ind1="0" ind2=" " tag="130"><subfield code="a">Connecticut Jewish ledger (Hartford, Conn.)</subfield></datafield><datafield ind1="1" ind2="4" tag="245"><subfield code="a">The Connecticut Jewish ledger.</subfield></datafield><datafield ind1="1" ind2="7" tag="246"><subfield code="a">Jewish ledger</subfield><subfield code="f">June 26-Aug. 14, 1958</subfield></datafield><datafield ind1=" " ind2=" " tag="260"><subfield code="a">Hartford, Conn. :</subfield><subfield code="b">Samuel Neusner</subfield></datafield><datafield ind1=" " ind2=" " tag="300"><subfield code="a">v.</subfield></datafield><datafield ind1=" " ind2=" " tag="310"><subfield code="a">Weekly</subfield></datafield><datafield ind1="0" ind2=" " tag="362"><subfield code="a">Vol. 30, no. 14 (June 26, 1958)-v. 64, no. 29 (Sept. 11, 1992).</subfield></datafield><datafield ind1=" " ind2=" " tag="500"><subfield code="a">Published in West Hartford, Conn., July 29, 1971-1992.</subfield></datafield><datafield ind1=" " ind2=" " tag="530"><subfield code="a">Available on microfilm from American Jewish Periodicals Center.</subfield></datafield><datafield ind1=" " ind2=" " tag="580"><subfield code="a">Regional eds.: New Haven Jewish ledger, 1977, and: Bridgeport Jewish ledger, 19&lt;78&gt;, and: Stamford Jewish ledger, 19&lt;83&gt;.</subfield></datafield><datafield ind1=" " ind2=" " tag="580"><subfield code="a">[Hartford ed.] continued by: Hartford Jewish ledger, 1992.</subfield></datafield><datafield ind1=" " ind2="0" tag="650"><subfield code="a">Jewish newspapers</subfield><subfield code="z">Connecticut.</subfield></datafield><datafield ind1=" " ind2="0" tag="651"><subfield code="a">Hartford (Conn.)</subfield><subfield code="v">Newspapers.</subfield></datafield><datafield ind1=" " ind2="0" tag="651"><subfield code="a">West Hartford (Conn.)</subfield><subfield code="v">Newspapers.</subfield></datafield><datafield ind1=" " ind2="7" tag="655"><subfield code="a">Newspapers.</subfield><subfield code="2">fast</subfield><subfield code="0">(OCoLC)fst01423814</subfield></datafield><datafield ind1=" " ind2="7" tag="650"><subfield code="a">Jewish newspapers.</subfield><subfield code="2">fast</subfield><subfield code="0">(OCoLC)fst00982872</subfield></datafield><datafield ind1=" " ind2="7" tag="651"><subfield code="a">Connecticut.</subfield><subfield code="2">fast</subfield><subfield code="0">(OCoLC)fst01205688</subfield></datafield><datafield ind1=" " ind2="7" tag="651"><subfield code="a">Connecticut</subfield><subfield code="z">Hartford.</subfield><subfield code="2">fast</subfield><subfield code="0">(OCoLC)fst01207441</subfield></datafield><datafield ind1=" " ind2="7" tag="651"><subfield code="a">Connecticut</subfield><subfield code="z">West Hartford.</subfield><subfield code="2">fast</subfield><subfield code="0">(OCoLC)fst01202682</subfield></datafield><datafield ind1=" " ind2=" " tag="752"><subfield code="a">United States</subfield><subfield code="b">Connecticut</subfield><subfield code="c">Hartford</subfield><subfield code="d">West Hartford.</subfield></datafield><datafield ind1="0" ind2="0" tag="780"><subfield code="t">Jewish ledger (Hartford, Conn. : 1955)</subfield><subfield code="w">(DLC)sn 93054089</subfield><subfield code="w">(OCoLC)28642011</subfield></datafield><datafield ind1="1" ind2="1" tag="785"><subfield code="t">New Haven Jewish ledger</subfield><subfield code="w">(DLC)sn 94053126</subfield><subfield code="w">(OCoLC)30676566</subfield></datafield><datafield ind1="1" ind2="1" tag="785"><subfield code="t">Bridgeport Jewish ledger</subfield><subfield code="w">(DLC)sn 94053127</subfield><subfield code="w">(OCoLC)30676641</subfield></datafield><datafield ind1="1" ind2="1" tag="785"><subfield code="t">Stamford Jewish ledger</subfield><subfield code="w">(DLC)sn 83005476</subfield><subfield code="w">(OCoLC)10200137</subfield></datafield><datafield ind1="1" ind2="1" tag="785"><subfield code="t">Hartford Jewish ledger</subfield><subfield code="w">(DLC)sn 93054090</subfield><subfield code="w">(OCoLC)29121452</subfield></datafield></record>